<?xml version="1.0" encoding="UTF-8"?><collection xmlns="http://www.loc.gov/MARC21/slim"><record><leader>00544nam--2200181-i-4500</leader><controlfield tag="001">000042996</controlfield><controlfield tag="002">20161230</controlfield><controlfield tag="005">20161230201043</controlfield><controlfield tag="008">060222s1000------------r-----000-0-rum-d</controlfield><datafield ind1=" " ind2=" " tag="040"><subfield code="a">IFIN-HH</subfield></datafield><datafield ind1=" " ind2=" " tag="041"><subfield code="a">rum</subfield></datafield><datafield ind1=" " ind2=" " tag="080"><subfield code="a">517.531</subfield></datafield><datafield ind1="1" ind2=" " tag="100"><subfield code="a">Stoilow,S</subfield></datafield><datafield ind1="1" ind2="0" tag="245"><subfield code="a">Teoria functiilor de o variabila complexa</subfield><subfield code="b">Vol.2: functii armonice, suprafete riemanniene. in colaborare cu cabiria andreian cazacu</subfield><subfield code="c">S. stoilow</subfield></datafield><datafield ind1=" " ind2=" " tag="260"><subfield code="a">Bucuresti</subfield><subfield code="b">Editura Academiei Rpr</subfield><subfield code="c">1954</subfield></datafield><datafield ind1=" " ind2=" " tag="300"><subfield code="a">378 P</subfield></datafield><datafield ind1=" " ind2=" " tag="852"><subfield code="a">3297</subfield><subfield code="c">H.H</subfield></datafield><datafield ind1=" " ind2=" " tag="CAT"><subfield code="a">Sys</subfield><subfield code="c">20130326</subfield><subfield code="h">155925</subfield></datafield></record></collection>